<?xml version="1.0" encoding="UTF-8" ?>
<collection xmlns:xsi="http://www.w3.org/2001/XMLSchema-instance" xsi:schemaLocation="http://www.loc.gov/MARC21/slim http://www.loc.gov/standards/marcxml/schema/MARC21slim.xsd" xmlns="http://www.loc.gov/MARC21/slim">
   <record>
      <leader>     cam a22        4500</leader>
      <controlfield tag="001">2865229</controlfield>
      <controlfield tag="003">COO</controlfield>
      <controlfield tag="005">20140811223413.0</controlfield>
      <controlfield tag="008">911004s1965    iq            000 0 arar </controlfield>
      <datafield tag="010" ind1=" " ind2=" ">
         <subfield code="a">ne 66000889  </subfield>
      </datafield>
      <datafield tag="035" ind1=" " ind2=" ">
         <subfield code="a">(CStRLIN)NYCXRLA59822B</subfield>
      </datafield>
      <datafield tag="035" ind1=" " ind2=" ">
         <subfield code="a">(NIC)notisAPB6021</subfield>
      </datafield>
      <datafield tag="035" ind1=" " ind2=" ">
         <subfield code="a">(OCoLC)23501654</subfield>
      </datafield>
      <datafield tag="035" ind1=" " ind2=" ">
         <subfield code="a">2865229</subfield>
      </datafield>
      <datafield tag="040" ind1=" " ind2=" ">
         <subfield code="c">MH-L</subfield>
         <subfield code="d">MH-L</subfield>
         <subfield code="d">UPRA</subfield>
      </datafield>
      <datafield tag="043" ind1=" " ind2=" ">
         <subfield code="a">a-iq---</subfield>
      </datafield>
      <datafield tag="050" ind1=" " ind2="4">
         <subfield code="a">KMJ3217</subfield>
         <subfield code="b">.M99 1965</subfield>
      </datafield>
      <datafield tag="100" ind1="1" ind2=" ">
         <subfield code="a">Muṣṭafá, Ḥāmid.</subfield>
      </datafield>
      <datafield tag="245" ind1="1" ind2="3">
         <subfield code="a">al-Niẓām al-qānūnī lil-muʾassasāt al-ʻāmmah wa-al-taʻmīm fī al-qānūn al-ʻIrāqī, wa-yashmalu ʻalá mulḥaq fī al-tashrīʻāt</subfield>
         <subfield code="c">[taʾlīf] Ḥāmid Muṣṭafá.</subfield>
      </datafield>
      <datafield tag="260" ind1=" " ind2=" ">
         <subfield code="a">Baghdād,</subfield>
         <subfield code="b">Dār al-Jumhūrīyah lil-Nashr wa-al-Ṭabʻ,</subfield>
         <subfield code="c">1965.</subfield>
      </datafield>
      <datafield tag="300" ind1=" " ind2=" ">
         <subfield code="a">337 p.</subfield>
         <subfield code="c">23 cm.</subfield>
      </datafield>
      <datafield tag="440" ind1=" " ind2="0">
         <subfield code="a">Silsilat al-kutub al-ḥadīthah ;</subfield>
         <subfield code="v">7</subfield>
      </datafield>
      <datafield tag="500" ind1=" " ind2=" ">
         <subfield code="a">At head of title: Wizārat al-Thaqāfah wa-al-Irshād. Mudīrīyat al-Thaqāfah al-ʻĀmmah.</subfield>
      </datafield>
      <datafield tag="650" ind1=" " ind2="0">
         <subfield code="a">Government business enterprises</subfield>
         <subfield code="z">Iraq.</subfield>
      </datafield>
      <datafield tag="650" ind1=" " ind2="0">
         <subfield code="a">Government ownership</subfield>
         <subfield code="z">Iraq.</subfield>
      </datafield>
      <datafield tag="710" ind1="1" ind2=" ">
         <subfield code="a">Iraq.</subfield>
         <subfield code="b">Mudīrīyat al-Thaqāfah al-ʻĀmmah.</subfield>
      </datafield>
      <datafield tag="905" ind1=" " ind2=" ">
         <subfield code="a">19981221120000.0</subfield>
      </datafield>
      <datafield tag="950" ind1=" " ind2=" ">
         <subfield code="l">LAFO</subfield>
         <subfield code="a">KF3176</subfield>
         <subfield code="b">.M99</subfield>
      </datafield>
      <datafield tag="903" ind1=" " ind2=" ">
         <subfield code="a">NYUACO</subfield>
         <subfield code="d">20141028</subfield>
         <subfield code="p">31924024948212</subfield>
      </datafield>
      <datafield tag="950" ind1=" " ind2=" ">
         <subfield code="a">KMJ3217</subfield>
         <subfield code="b">.M99 1965</subfield>
         <subfield code="v"> </subfield>
      </datafield>
   </record>
</collection>
